@article{Alwall:2014hca,
      author         = "Alwall, J. and Frederix, R. and Frixione, S. and Hirschi,
                        V. and Maltoni, F. and Mattelaer, O. and Shao, H. -S. and
                        Stelzer, T. and Torrielli, P. and Zaro, M.",
      title          = "{The automated computation of tree-level and
                        next-to-leading order differential cross sections, and
                        their matching to parton shower simulations}",
      journal        = "JHEP",
      volume         = "07",
      year           = "2014",
      pages          = "079",
      doi            = "10.1007/JHEP07(2014)079",
      eprint         = "1405.0301",
      archivePrefix  = "arXiv",
      primaryClass   = "hep-ph",
      reportNumber   = "CERN-PH-TH-2014-064, CP3-14-18, LPN14-066, MCNET-14-09,
                        ZU-TH-14-14",
      SLACcitation   = "%%CITATION = ARXIV:1405.0301;%%"
}

@article{Frixione:2002ik,
      author         = "Frixione, Stefano and Webber, Bryan R.",
      title          = "{Matching NLO QCD computations and parton shower
                        simulations}",
      journal        = "JHEP",
      volume         = "06",
      year           = "2002",
      pages          = "029",
      doi            = "10.1088/1126-6708/2002/06/029",
      eprint         = "hep-ph/0204244",
      archivePrefix  = "arXiv",
      primaryClass   = "hep-ph",
      reportNumber   = "CAVENDISH-HEP-02-01, LAPTH-905-02, GEF-TH-2-2002",
      SLACcitation   = "%%CITATION = HEP-PH/0204244;%%"
}

@article{Mobs:2197559,
      author        = "Mobs, Esma",
      title         = "{The CERN accelerator complex. Complexe des
                       accélérateurs du CERN}",
      month         = "Jul",
      year          = "2016",
      reportNumber  = "OPEN-PHO-ACCEL-2016-009",
      url           = "https://cds.cern.ch/record/2197559",
      note          = "General Photo",
}

@book{Bruning:782076,
      author        = "Brüning, Oliver Sim and Collier, Paul and Lebrun, P and
                       Myers, Stephen and Ostojic, Ranko and Poole, John and
                       Proudlock, Paul",
      title         = "{LHC Design Report}",
      publisher     = "CERN",
      address       = "Geneva",
      series        = "CERN Yellow Reports: Monographs",
      year          = "2004",
      url           = "http://cds.cern.ch/record/782076",
}

@techreport{CMS-PAS-LUM-17-001,
      title         = "{CMS Luminosity Measurements for the 2016 Data Taking
                       Period}",
      institution   = "CERN",
      collaboration = "CMS Collaboration",
      address       = "Geneva",
      number        = "CMS-PAS-LUM-17-001",
      year          = "2017",
      reportNumber  = "CMS-PAS-LUM-17-001",
      url           = "https://cds.cern.ch/record/2257069",
}

@book{Bayatian:922757,
      author        = "Bayatian, G L and Chatrchyan, S and Hmayakyan, G and
                       Sirunyan, A M and Adam, W and Bergauer, T and Dragicevic, M
                       and Ero, J and Friedl, M and Fruehwirth, R and Ghete, V and
                       Glaser, P and Hrubec, J and Jeitler, M and Krammer, M and
                       Magrans, I and Mikulec, I and Mitaroff, W and Noebauer, T",
      title         = "{CMS Physics: Technical Design Report Volume 1: Detector
                       Performance and Software}",
      publisher     = "CERN",
      collaboration = "CMS Collaboration",
      address       = "Geneva",
      series        = "Technical Design Report CMS",
      year          = "2006",
      reportNumber  = "CERN-LHCC-2006-001",
      url           = "https://cds.cern.ch/record/922757",
}

@techreport{Tapper:1556311,
      author        = "Tapper, A and Acosta, Darin",
      editor        = "Tapper, A",
      title         = "{CMS Technical Design Report for the Level-1 Trigger
                       Upgrade}",
      collaboration = "CMS collaboration",
      number        = "CERN-LHCC-2013-011. CMS-TDR-12",
      month         = "Jun",
      year          = "2013",
      reportNumber  = "CERN-LHCC-2013-011",
      url           = "https://cds.cern.ch/record/1556311",
      note          = "Additional contacts: Jeffrey Spalding, Fermilab,
                       Jeffrey.Spalding@cern.ch Didier Contardo, Universite Claude
                       Bernard-Lyon I, didier.claude.contardo@cern.ch",
}

@techreport{Mans:1481837,
      author        = "Mans, J and Anderson, J and Dahmes, B and de Barbaro, P
                       and Freeman, J and Grassi, T and Hazen, E and Mans, J and
                       Ruchti, R and Schimdt, I and Shaw, T and Tully, C and
                       Whitmore, J and Yetkin, T",
      title         = "{CMS Technical Design Report for the Phase 1 Upgrade of
                       the Hadron Calorimeter}",
      number        = "CERN-LHCC-2012-015. CMS-TDR-10",
      month         = "Sep",
      year          = "2012",
      reportNumber  = "CERN-LHCC-2012-015",
      url           = "https://cds.cern.ch/record/1481837",
      note          = "Additional contact persons: Jeffrey Spalding, Fermilab,
                       spalding@cern.ch, Didier Contardo, Universite Claude
                       Bernard-Lyon I, contardo@cern.ch",
}

@article{Bayatian:942733,
      author        = "Bayatian, G L and Chatrchyan, S and Hmayakyan, G and
                       Sirunyan, A M and Adam, W and Bergauer, T and Dragicevic, M
                       and Ero, J and Friedl, M and Fruehwirth, R and Ghete, V and
                       Glaser, P and Hrubec, J and Jeitler, M and Krammer, M and
                       Magrans, I and Mikulec, I and Mitaroff, W and Noebauer, T",
      title         = "{CMS Physics: Technical Design Report Volume 2: Physics
                       Performance}",
      journal       = "J. Phys. G",
      collaboration = "CMS Collaboration",
      number        = "CERN-LHCC-2006-021. CMS-TDR-8-2",
      volume        = "34",
      pages         = "995-1579. 669 p",
      year          = "2007",
      reportNumber  = "CERN-LHCC-2006-021",
      url           = "https://cds.cern.ch/record/942733",
      note          = "revised version submitted on 2006-09-22 17:44:47",
}

@book{Bayatyan:706847,
      author        = "Bayatyan, G L and Grigorian, N and Khachatrian, V G and
                       Margarian, A T and Sirunyan, A M and Stepanian, S and Adam,
                       W and Brugger, M and Erö, J and Fierro, M and Friedl, M
                       and Frühwirth, Rudolf and Hrubec, Josef and Jeitler,
                       Manfred and Krammer, Manfred and Pernicka, Manfred",
      title         = "{CMS TriDAS project: Technical Design Report, Volume 1:
                       The Trigger Systems}",
      collaboration = "CMS Collaboration",
      series        = "Technical Design Report CMS",
      reportNumber  = "CERN-LHCC-2000-038",
      url           = "https://cds.cern.ch/record/706847",
}

@article{Sphicas:2002gg,
      author         = "Sphicas, P.",
      title          = "{CMS: The TriDAS project. Technical design report, Vol.
                        2: Data acquisition and high-level trigger}",
      collaboration  = "CMS",
      year           = "2002",
      reportNumber   = "CERN-LHCC-2002-026",
      SLACcitation   = "%%CITATION = CERN-LHCC-2002-026;%%"
}

@article{Aad:1471031,
      author        = "Aad, Georges and Abajyan, Tatevik and Abbott, Brad and
                       Abdallah, Jalal and Abdel Khalek, Samah and Abdelalim,
                       Ahmed Ali and Abdinov, Ovsat and Aben, Rosemarie and Abi,
                       Babak and Abolins, Maris and AbouZeid, Ossama and
                       Abramowicz, Halina and Abreu, Henso and Acharya, Bobby",
      title         = "{Observation of a new particle in the search for the
                        Standard Model Higgs boson with the ATLAS detector at the
                        LHC. Observation of a new particle in the search for the
                        Standard Model Higgs boson with the ATLAS detector at the
                        LHC}",
      journal       = "Phys. Lett. B",
      collaboration = "ATLAS Collaboration",
      number        = "arXiv:1207.7214. CERN-PH-EP-2012-218",
      volume        = "716",
      pages         = "1-29. 29 p",
      month         = "Aug",
      year          = "2012",
      reportNumber  = "arXiv:1207.7214",
      url           = "http://cds.cern.ch/record/1471031",
      note          = "Comments: 24 pages plus author list (38 pages total), 12
                       figures, 7 tables, revised author list",
}

@article{Chatrchyan:1471016,
      author        = "Chatrchyan, Serguei and Khachatryan, Vardan and Sirunyan,
                       Albert M and Tumasyan, Armen and Adam, Wolfgang and Aguilo,
                       Ernest and Bergauer, Thomas and Dragicevic, Marko and Erö,
                       Janos and Fabjan, Christian and Friedl, Markus and
                       Fruehwirth, Rudolf and Ghete, Vasile Mihai",
      title         = "{Observation of a new boson at a mass of 125 GeV with the
                        CMS experiment at the LHC. Observation of a new boson at a
                        mass of 125 GeV with the CMS experiment at the LHC}",
      journal       = "Phys. Lett. B",
      collaboration = "CMS Collaboration",
      number        = "CMS-HIG-12-028. CMS-HIG-12-028. CERN-PH-EP-2012-220",
      volume        = "716",
      pages         = "30-61. 32 p",
      month         = "Jul",
      year          = "2012",
      reportNumber  = "CMS-HIG-12-028",
      url           = "http://cds.cern.ch/record/1471016",
}

% SketchUp CMS
@article{Sakuma:2013jqa,
      author         = "Sakuma, Tai and McCauley, Thomas",
      title          = "{Detector and Event Visualization with SketchUp at the
                        CMS Experiment}",
      booktitle      = "{Proceedings, 20th International Conference on Computing
                        in High Energy and Nuclear Physics (CHEP 2013): Amsterdam,
                        The Netherlands, October 14-18, 2013}",
      journal        = "J. Phys. Conf. Ser.",
      volume         = "513",
      year           = "2014",
      pages          = "022032",
      doi            = "10.1088/1742-6596/513/2/022032",
      eprint         = "1311.4942",
      archivePrefix  = "arXiv",
      primaryClass   = "physics.ins-det",
      reportNumber   = "CMS-CR-2013-379, FERMILAB-CONF-13-592-CMS-WDRS,
                        CMS-CR-2013-379-",
      SLACcitation   = "%%CITATION = ARXIV:1311.4942;%%"
}

% Silicon strip detector
@techreport{Borrello:687861,
      author        = "Borrello, Laura and Messineo, Alberto and Focardi, Ettore
                       and Macchiolo, Anna",
      title         = "{Sensor Design for the CMS Silicon Strip Tracker}",
      institution   = "CERN",
      address       = "Geneva",
      number        = "CMS-NOTE-2003-020",
      month         = "Aug",
      year          = "2003",
      reportNumber  = "CMS-NOTE-2003-020",
      url           = "http://cds.cern.ch/record/687861",
}

% CMS computing
@techreport{Bird:1695401,
      author        = "Bird, I and Buncic, P and Carminati, F and Cattaneo, M and
                       Clarke, P and Fisk, I and Girone, M and Harvey, J and
                       Kersevan, B and Mato, P and Mount, R and Panzer-Steindel,
                       B",
      title         = "{Update of the Computing Models of the WLCG and the LHC
                       Experiments}",
      number        = "CERN-LHCC-2014-014. LCG-TDR-002",
      month         = "Apr",
      year          = "2014",
      reportNumber  = "CERN-LHCC-2014-014",
      url           = "http://cds.cern.ch/record/1695401",
}
    
% CMS Tracker - hit reconstruction
@article{Chatrchyan:1704291,
      author        = "Chatrchyan, Serguei and Khachatryan, Vardan and Sirunyan,
                       Albert M and Tumasyan, Armen and Adam, Wolfgang and
                       Bergauer, Thomas and Dragicevic, Marko and Erö, Janos and
                       Fabjan, Christian and Friedl, Markus and Fruehwirth, Rudolf
                       and Ghete, Vasile Mihai and Hartl, Christian and Hörmann,
                       Natascha and Hrubec, Josef and Jeitler, Manfred",
      title         = "{Description and performance of track and primary-vertex
                       reconstruction with the CMS tracker}",
      journal       = "JINST",
      collaboration = "CMS Collaboration",
      number        = "CMS-TRK-11-001. CERN-PH-EP-2014-070. CMS-TRK-11-001",
      volume        = "9",
      pages         = "P10009. 80 p",
      month         = "May",
      year          = "2014",
      reportNumber  = "CMS-TRK-11-001",
      url           = "http://cds.cern.ch/record/1704291",
      note          = "Comments: Replaced with published version. Added journal
                       reference and DOI",
      doi           = "10.1088/1748-0221/9/10/P10009",
}

% Kalman filter
@article{Kalman:1960,
    Author = {Kalman, Rudolph Emil},
    Title = {A New Approach to Linear Filtering and Prediction Problems},
    Journal = {Transactions of the ASME--Journal of Basic Engineering},
    Volume = {82},
    Number = {Series D},
    Pages = {35--45},
    Year = {1960}
}